<?xml version="1.0" encoding="UTF-8"?><collection xmlns="http://www.loc.gov/MARC21/slim"><record><leader>00398nam--2200133-i-4500</leader><controlfield tag="001">000009655</controlfield><controlfield tag="002">20161230</controlfield><controlfield tag="005">20161230201028</controlfield><controlfield tag="008">060222s1000------------r-----000-0-eng-d</controlfield><datafield ind1=" " ind2=" " tag="100"><subfield code="a">Beveridge, David L. And Pople, John A</subfield></datafield><datafield ind1=" " ind2=" " tag="245"><subfield code="a">Approximate molecular orbital theory</subfield></datafield><datafield ind1=" " ind2=" " tag="260"><subfield code="a">New York, Mcgraw Book Company, 1970.Viii+ 214p</subfield></datafield><datafield ind1=" " ind2=" " tag="490"><subfield code="a">Mcgraw-hill Series In Advances Chemistry</subfield></datafield><datafield ind1=" " ind2=" " tag="852"><subfield code="a">34602</subfield></datafield></record></collection>